@Book{knuth:84,
  author = 	 {Donald E. Knuth},
  title = 	 {The {\TeX} Book},
  publisher = 	 {Addison-Wesley},
  year = 	 {1984},
  edition = 	 {15th}
}

@InCollection{boulic:91,
  author = 	 {R. Boulic and O. Renault},
  title = 	 {3D Hierarchies for Animation},
  booktitle = 	 {New Trends in Animation and Visualization},
  publisher =    {John Wiley {\&} Sons ltd.},
  year = 	 {1991},
  editor = 	 {Nadia Magnenat-Thalmann and Daniel Thalmann}
}

@InCollection{smith:99,
  author = 	 {A. Smith and B. Jones},
  title = 	 {On the Complexity of Computing},
  booktitle = 	 {Advances in Computer Science},
  pages = 	 {555--566},
  publisher =    {Publishing Press},
  year = 	 {1999},
  editor = 	 {A. B. Smith-Jones}
}

@article{Soares_2022, 
    title={Os Benefícios da digitalização dos serviços bancários}, 
    volume={19}, 
    url={https://revista.fatectq.edu.br/interfacetecnologica/article/view/1437}, 
    DOI={10.31510/infa.v19i2.1437}, 
    number={2}, 
    journal={Revista Interface Tecnológica}, 
    author={Soares da Silva Simões, Lorena and Silva Pedrosa, Lucas}, 
    year={2022}, 
    month={dez.}, 
    pages={18–34} 
}

@article{souza2018testes,
  title={Testes de Desempenho de Software: Teoria e Pr{\'a}tica},
  author={Souza, Thiago},
  journal={Sociedade Brasileira de Computa{\c{c}}{\~a}o},
  year={2018}
}

@phdthesis{holanda2021entrada,
  title={A entrada do PIX no sistema de pagamentos do Brasil e o cen{\'a}rio para a Caixa Econ{\^o}mica Federal},
  url={https://hdl.handle.net/10438/31532},
  author={Holanda, Telma Luciana Ribeiro Silva de},
  year={2021}
}

@article{Rimonato_Santos_2021, 
title={PIX solução tecnológica de inclusão financeira}, 
volume={10}, 
url={https://rsdjournal.org/index.php/rsd/article/view/21139}, 
DOI={10.33448/rsd-v10i13.21139}, 
 number={13}, 
 journal={Research, Society and Development}, 
 author={Rimonato, Irene Pereira de Oliveira Stenzel and Santos, Jadir Perpétuo dos}, 
 year={2021}, month={Oct.}, 
 pages={e106101321139} 
}

@article{neves2021pontuais,
  title={Pontuais Altera{\c{c}}{\~o}es na Estrutura do SPB para Implantar o SPI/Pix ee Seus Benef{\'\i}cios para a Popula{\c{c}}{\~a}o},
  author={Neves, Rubia Carneiro and Costa, Daniel Rodrigues and de Almeida Lambertucci, Felipe and de Castro Lima Filho, Jos{\'e} Marcelo},
  journal={Revista da Procuradoria-Geral do Banco Central},
  volume={15},
  number={1},
  pages={31--45},
  year={2021},
  url={https://revistapgbc.bcb.gov.br/revista/article/view/1102},
  DOI={https://doi.org/10.58766/rpgbcb.v15i1.1102}
}

@article{de2023estado,
  title={O ESTADO EMPREENDEDOR: PROTAGONISMO ESTATAL E O SISTEMA DE PAGAMENTOS INSTANT{\^A}NEOS (PIX)},
  author={de Oliveira Batista, Fernanda Garibaldi Barreto},
  journal={Perspectivas e controv{\'e}rsias da inova{\c{c}}{\~a}o regulat{\'o}ria no sistema financeiro de pagamentos},
  year={2023},
  publisher={Editora Singular}
}

@article{alexandre_rebêlo_ferreira_2022, 
    title={Arranjo Pix: regulação e concorrência em pagamentos digitais}, 
    volume={16}, 
    url={https://revistapgbc.bcb.gov.br/revista/article/view/1158}, 
    DOI={https://doi.org/10.58766/rpgbcb.v16i1.1158}, 
    number={1},
    author={Alexandre Rebêlo Ferreira}, year={2022}, month={Sep}, pages={100–113} 
}



‌@article{speltri_alexandre_casella_2022,
title={Blockchain de bitcoin vs. PIX sob a ótica computacional},
url={http://ric.cps.sp.gov.br/handle/123456789/10350},
DOI={http://ric.cps.sp.gov.br/handle/123456789/10350}, 
journal={Sp.gov.br}, 
publisher={002}, 
author={SPELTRI, Alexandre Casella},
year={2022} }

‌